%% This BibTeX bibliography file was created using BibDesk.
%% http://bibdesk.sourceforge.net/

%% Created for denis at 2018-03-14 00:23:27 +0100 


%% Saved with string encoding Unicode (UTF-8) 



@book{chollet2018deep,
	Author = {Chollet, Francois},
	Date-Added = {2018-03-13 23:15:02 +0000},
	Date-Modified = {2018-03-13 23:15:02 +0000},
	Publisher = {Manning Publications},
	Title = {Deep learning with Python},
	Year = {2018}}
